@article{Atiyah&Hirzebruch1962,
  title = {Analytic Cycles on Complex Manifolds},
  author = {Atiyah, M F and Hirzebruch, F},
  date = {1962},
  journaltitle = {Topology},
  volume = {1},
  pages = {25–45},
  doi = {10.1016/0040-9383(62)90094-0}
}

@article{Barwick&Kan2012,
  title = {Relative Categories: {{Another}} Model for the Homotopy Theory of Homotopy Theories},
  author = {Barwick, C. and Kan, D.M.},
  date = {2012},
  journaltitle = {Indagationes Mathematicae},
  volume = {23},
  pages = {42--68},
  doi = {10.1016/j.indag.2011.10.002},
  number = {1}
}

@report{Barwick&Kan2013,
  title = {Partial Model Categories and Their Simplicial Nerves},
  author = {Barwick, C and Kan, D M},
  date = {2013-01-21},
  eprint = {1102.2512v2},
  eprintclass = {math.AT},
  eprinttype = {arxiv}
}

@article{Baum&Bott1972,
  title = {Singularities of holomorphic foliations},
  author = {Baum, Paul and Bott, Raoul},
  date = {1972},
  journaltitle = {Journal of Differential Geometry},
  volume = {7},
  pages = {279–342},
  doi = {10.4310/jdg/1214431158},
  number = {3-4}
}

@report{Bergner2012,
  title = {Homotopy limits of model categories and more general homotopy theories},
  author = {Bergner, Julia E},
  date = {2012-04-24},
  eprint = {1010.0717v2},
  eprintclass = {math.AT},
  eprinttype = {arxiv}
}

@article{Bondal&Kapranov1991,
  title = {Enhanced Triangulated Categories},
  author = {Bondal, A I and Kapranov, M M},
  date = {1991},
  journaltitle = {Math. USSR Sbornik},
  volume = {70},
  pages = {1–15},
  doi = {10.1070/SM1991v070n01ABEH001253},
  url = {https://ncatlab.org/nlab/files/bondalKaprEnhTRiangCat.pdf},
  number = {1}
}

@book{Bott&Tu1982,
  title = {Differential Forms in Algebraic Topology},
  author = {Bott, Raoul and Tu, Loring W},
  date = {1982},
  volume = {82},
  publisher = {Springer},
  doi = {10.1007/978-1-4757-3951-0},
  isbn = {978-1-4419-2815-3}
}

@article{Dupont1976,
  title = {Simplicial de Rham cohomology and characteristic classes of flat bundles},
  author = {Dupont, Johan L},
  date = {1976},
  journaltitle = {Topology},
  volume = {15},
  pages = {233–245},
  doi = {10.1016/0040-9383(76)90038-0}
}

@book{Fresse2017,
  title = {Homotopy of Operads and Grothendieck-Teichmuller Groups},
  author = {Fresse, Benoit},
  date = {2017},
  publisher = {American Mathematical Society},
  doi = {10.1090/surv/217.2},
  isbn = {978-1-4704-3482-3},
  series = {Part 2: The Applications of (Rational) Homotopy Theory Methods}
}

@thesis{Green1980,
  title = {Chern classes for coherent sheaves},
  author = {Green, H I},
  date = {1980-01},
  institution = {University of Warwick},
  url = {https://pugwash.lib.warwick.ac.uk/record=b1751746~S1},
  type = {PhD Thesis}
}

@thesis{Grivaux2009,
  title = {Some problems in complex and almost-complex geometry},
  author = {Grivaux, Julien},
  date = {2009-10},
  institution = {Université Pierre-et-Marie-Curie (Paris 6)},
  eprint = {tel-00460334},
  eprinttype = {HAL}
}

@book{Hirschhorn2003,
  title = {Model Categories and Their Localizations},
  author = {Hirschhorn, Philip S},
  date = {2003},
  publisher = {American Mathematical Society},
  doi = {10.1090/surv/099},
  isbn = {0-8218-3279-4}
}

@report{Hirschowitz&Simpson2001,
  title = {Descente pour les n-champs},
  author = {Hirschowitz, André and Simpson, Carlos},
  date = {2001-03-13},
  eprint = {math/9807049v3},
  eprintclass = {math.AG},
  eprinttype = {arxiv}
}

@thesis{Hosgood2020,
  title = {Chern Classes of Coherent Analytic Sheaves: A Simplicial Approach},
  author = {Hosgood, Timothy},
  date = {2020},
  institution = {{Université d'Aix-Marseille}},
  eprint = {tel-02882140},
  eprinttype = {HAL}
}

@article{Hovey2001,
  title = {Model Category Structures on Chain Complexes of Sheaves},
  author = {Hovey, Mark},
  date = {2001-01},
  journaltitle = {Transactions of the American Mathematical Society},
  volume = {353},
  pages = {2441--2457},
  doi = {10.1090/S0002-9947-01-02721-0},
  number = {6}
}

@book{Huybrechts2005,
  title = {Complex Geometry: An Introduction},
  shorttitle = {Complex Geometry},
  author = {Huybrechts, Daniel},
  date = {2005},
  publisher = {Springer-Verlag},
  location = {Berlin Heidelberg},
  doi = {10.1007/b137952},
  isbn = {978-3-540-21290-4},
  series = {Universitext}
}

@book{Kashiwara&Schapira1990,
  title = {Sheaves on {{Manifolds}}},
  author = {Kashiwara, Masaki and Schapira, Pierre},
  date = {1990},
  publisher = {{Springer-Verlag Berlin Heidelberg}},
  doi = {10.1007/978-3-662-02661-8},
  isbn = {978-3-642-08082-1},
  number = {292},
  series = {Grundlehren Der Mathematischen {{Wissenschaften}}}
}

@article{OBrian&etal1981,
  title = {The Trace Map and Characteristic Classes for Coherent Sheaves},
  author = {O'Brian, Nigel R and Toledo, Domingo and Tong, Yue Lin L},
  date = {1981-04},
  journaltitle = {American Journal of Mathematics},
  volume = {103},
  pages = {225–252},
  doi = {10.2307/2374215},
  number = {2}
}

@article{OBrian&etal1985,
  title = {A Grothendieck-Riemann-Roch formula for maps of complex manifolds},
  author = {O'Brian, Nigel R and Toledo, Domingo and Tong, Yue Lin L},
  date = {1985-12},
  journaltitle = {Mathematische Annalen},
  volume = {271},
  pages = {493–526},
  doi = {10.1007/BF01456132},
  number = {4}
}

@article{Rezk2000,
  title = {A Model for the Homotopy Theory of Homotopy Theory},
  author = {Rezk, Charles},
  date = {2000-06},
  journaltitle = {Transactions of the American Mathematical Society},
  volume = {353},
  pages = {973--1007},
  doi = {10.1090/S0002-9947-00-02653-2},
  number = {3}
}

@article{Toen&Vezzosi2008,
  title = {Homotopical {{Algebraic Geometry II}}: Geometric Stacks and Applications},
  author = {Toën, Bertrand and Vezzosi, Gabriele},
  date = {2008},
  journaltitle = {Memoirs of the American Mathematical Society},
  volume = {193},
  pages = {x+224},
  doi = {10.1090/memo/0902},
  number = {902}
}

@article{Toledo&Tong1976,
  title = {A parametrix for $\partial$ and Riemann-Roch in Čech theory},
  author = {Toledo, Domingo and Tong, Yue Lin L},
  date = {1976},
  journaltitle = {Topology},
  volume = {15},
  pages = {273–301},
  doi = {10.1016/0040-9383(76)90022-7},
  number = {4}
}

@article{Toledo&Tong1978,
  title = {Duality and Intersection Theory in Complex Manifolds. I.},
  author = {Toledo, Domingo and Tong, Yue Lin L},
  date = {1978},
  journaltitle = {Mathematische Annalen},
  volume = {237},
  pages = {41–77},
  doi = {10.1007/BF01351557}
}

@book{Toledo&Tong1986,
  title = {Green’s theory of Chern classes and the Riemann-Roch formula},
  author = {Toledo, Domingo and Tong, Yue Lin L},
  date = {1986},
  volume = {58.1},
  publisher = {American Mathematical Society},
  doi = {10.1090/conm/058.1/860421},
  isbn = {978-0-8218-5061-9},
  series = {Contemporary Mathematics}
}

@article{Voisin2002,
  title = {A Counterexample to the Hodge Conjecture Extended to Kähler Varieties},
  author = {Voisin, Claire},
  date = {2002},
  journaltitle = {International Mathematics Research Notices},
  volume = {20},
  pages = {1057–1075},
  doi = {10.1155/S1073792802111135}
}

@article{Wei2016,
  title = {Twisted complexes on a ringed space as a dg-enhancement of the derived category of perfect complexes},
  author = {Wei, Zhaoting},
  date = {2016-03},
  journaltitle = {European Journal of Mathematics},
  volume = {2},
  pages = {716–759},
  doi = {10.1007/s40879-016-0102-8},
  number = {3}
}

@thesis{Yu2013,
  title = {The {{Dolbeault DGA}} of a Formal Neighborhood},
  author = {Yu, Shilin},
  date = {2013-12},
  institution = {{The Pennsylvania State University}},
  url = {https://www.math.upenn.edu/~shilinyu/papers/thesis.pdf},
  type = {PhD Thesis}
}
