@report{BF2014,
  title = {A Bayesian characterization of relative entropy},
  author = {Baez, John C. and Fritz, Tobias},
  year = {2014},
  eprint = {1402.3067v2},
  eprintclass = {cs.IT},
  eprinttype = {arxiv}
}

@report{BFL2011,
  title = {A Characterization of Entropy in Terms of Information Loss},
  author = {Baez, John C. and Fritz, Tobias and Leinster, Tom},
  year = {2011},
  eprint = {1106.1791v3},
  eprintclass = {cs.IT},
  eprinttype = {arxiv}
}

@report{BHW2009,
  title = {Higher-Dimensional Algebra VII: Groupoidification},
  author = {Baez, John C. and Hoffnung, Alexander E. and Walker, Christopher D.},
  year = {2010},
  eprint = {0908.4305v3},
  eprintclass = {math.QA},
  eprinttype = {arxiv}
}

@article{FP2019,
  title = {A probability monad as the colimit of spaces of finite samples},
  author = {Fritz, Tobias and Perrone, Paolo},
  year = {2019},
  journal = {Theory and Applications of Categories},
  volume = {34},
  pages = {170--220},
  url = {http://www.tac.mta.ca/tac/volumes/34/7/34-07abs.html},
}

@article{H1952,
  title = {A method for the construction of minimum-redundancy codes},
  author = {Huffman, David A.},
  journal = {Proceedings of the I.R.E.},
  volume = {40},
  year = {1952},
  pages = {1098--1101},
  doi = {10.1109/JRPROC.1952.273898},
}

@online{KS2020,
  title = {Rectangle Facts for Kids},
  author = {{KidzSearch Wiki}},
  date = {2020-04-23},
  url = {https://wiki.kidzsearch.com/wiki/Rectangle}
}

@article{S1948,
  title = {A Mathematical Theory of Communication},
  author = {Shannon, Claude E.},
  journal = {The Bell System Technical Journal},
  volume = {27},
  year = {1948},
  pages = {379--423},
  doi = {10.1002/j.1538-7305.1948.tb01338.x},
}

@report{SM2020,
  title = {Dirichlet Polynomials form a Topos},
  author = {Spivak, David I. and Myers, David Jaz},
  year = {2020},
  eprint = {2003.04827},
  eprintclass = {math.CT},
  eprinttype = {arxiv}
}
