@article{Dupont1976,
  title = {Simplicial de Rham cohomology and characteristic classes of flat bundles},
  author = {Dupont, Johan L},
  date = {1976},
  journaltitle = {Topology},
  volume = {15},
  pages = {233–245},
  doi = {10.1016/0040-9383(76)90038-0}
}

@thesis{Green1980,
  title = {Chern classes for coherent sheaves},
  author = {Green, H I},
  date = {1980-01},
  institution = {University of Warwick},
  url = {https://pugwash.lib.warwick.ac.uk/record=b1751746~S1},
  type = {PhD Thesis}
}

@book{Griffiths&Harris1994,
  title = {Principles of {{Algebraic Geometry}}},
  author = {Griffiths, Phillip and Harris, Joseph},
  date = {1994},
  edition = {Wiley Classics Library},
  publisher = {{John Wiley \& Sons, Inc.}},
  doi = {10.1002/9781118032527},
  isbn = {978-0-471-05059-9}
}

@thesis{Grivaux2009,
  title = {Some problems in complex and almost-complex geometry},
  author = {Grivaux, Julien},
  date = {2009-10},
  institution = {Université Pierre-et-Marie-Curie (Paris 6)},
  url = {https://tel.archives-ouvertes.fr/tel-00460334}
}

@article{Grivaux2012,
  title = {On a conjecture of Kashiwara relating Chern and Euler Classes of O-modules},
  author = {Grivaux, Julien},
  date = {2012},
  journaltitle = {Journal of Differential Geometry},
  volume = {90},
  pages = {267–275},
  doi = {10.4310/jdg/1335230847},
  number = {2}
}

@thesis{Hosgood2020,
  title = {Chern Classes of Coherent Analytic Sheaves: A Simplicial Approach},
  author = {Hosgood, Timothy},
  date = {2020},
  institution = {{Université d'Aix-Marseille}},
  note = {In progress; available on demand}
}

@report{Hosgood2020a,
  title = {Simplicial {{Chern}}-{{Weil}} theory for coherent analytic sheaves, part {{I}}},
  author = {Hosgood, Timothy},
  date = {2020-03-22},
  eprint = {2003.10023},
  eprintclass = {math.AG},
  eprinttype = {arxiv}
}

@book{Huybrechts2005,
  title = {Complex Geometry: An Introduction},
  shorttitle = {Complex Geometry},
  author = {Huybrechts, Daniel},
  date = {2005},
  publisher = {Springer-Verlag},
  location = {Berlin Heidelberg},
  doi = {10.1007/b137952},
  isbn = {978-3-540-21290-4},
  series = {Universitext}
}

@book{Voisin2002a,
  title = {Hodge Theory and Complex Algebraic Geometry I},
  author = {Voisin, Claire},
  date = {2002},
  volume = {1},
  publisher = {Cambridge University Press},
  doi = {10.1017/CBO9780511615177},
  isbn = {978-0-521-71801-1},
  number = {76},
  series = {Cambridge Studies in Advanced Mathematics},
  translator = {Schneps, Leila}
}
